<record><leader>00000cas a22000007a 4500</leader><controlfield tag="001">11819099</controlfield><controlfield tag="008">850318d18641864utudn ne     f0    0eng d</controlfield><datafield ind1=" " ind2=" " tag="010"><subfield code="a">sn 85058064 </subfield></datafield><datafield ind1=" " ind2=" " tag="040"><subfield code="a">UNP</subfield><subfield code="b">eng</subfield><subfield code="c">UNP</subfield><subfield code="d">YOX</subfield><subfield code="d">NJW</subfield><subfield code="d">OCL</subfield><subfield code="d">KRTAS</subfield><subfield code="d">OCLCQ</subfield><subfield code="d">OCLCO</subfield><subfield code="d">OCLCF</subfield></datafield><datafield ind1="1" ind2=" " tag="029"><subfield code="a">AU@</subfield><subfield code="b">000025805923</subfield></datafield><datafield ind1=" " ind2=" " tag="042"><subfield code="a">msc</subfield></datafield><datafield ind1=" " ind2=" " tag="043"><subfield code="a">n-us-ut</subfield></datafield><datafield ind1=" " ind2="4" tag="050"><subfield code="a">F821</subfield><subfield code="b">.D33x</subfield></datafield><datafield ind1="0" ind2="0" tag="245"><subfield code="a">Daily vedette.</subfield></datafield><datafield ind1=" " ind2=" " tag="260"><subfield code="a">Camp Douglas, U.T. [i.e. Utah Territory] :</subfield><subfield code="b">Officers and enlisted men of the California and Nevada Territory Volunteers,</subfield><subfield code="c">1864-1864.</subfield></datafield><datafield ind1=" " ind2=" " tag="300"><subfield code="a">1 v. ;</subfield><subfield code="c">36 cm.</subfield></datafield><datafield ind1=" " ind2=" " tag="310"><subfield code="a">Daily (except Sun.)</subfield></datafield><datafield ind1="0" ind2=" " tag="362"><subfield code="a">Vol. 1, no. 1 (Jan. 5, 1864)-v. 1, no. 17 (Jan. 26, 1864).</subfield></datafield><datafield ind1=" " ind2=" " tag="530"><subfield code="a">Available on microfilm.</subfield></datafield><datafield ind1=" " ind2=" " tag="580"><subfield code="a">Issued also in a weekly edition called: Union vedette.</subfield></datafield><datafield ind1=" " ind2="0" tag="651"><subfield code="a">Fort Douglas (Utah)</subfield><subfield code="v">Periodicals.</subfield></datafield><datafield ind1=" " ind2="7" tag="655"><subfield code="a">Periodicals.</subfield><subfield code="2">fast</subfield><subfield code="0">(OCoLC)fst01411641</subfield></datafield><datafield ind1=" " ind2="7" tag="651"><subfield code="a">Utah</subfield><subfield code="z">Fort Douglas.</subfield><subfield code="2">fast</subfield><subfield code="0">(OCoLC)fst01207545</subfield></datafield><datafield ind1="1" ind2=" " tag="710"><subfield code="a">United States.</subfield><subfield code="b">Army.</subfield><subfield code="b">California Infantry Regiment, 3rd.</subfield></datafield><datafield ind1=" " ind2=" " tag="752"><subfield code="a">United States</subfield><subfield code="b">Utah</subfield><subfield code="c">Salt Lake</subfield><subfield code="d">Camp Douglas.</subfield></datafield><datafield ind1=" " ind2=" " tag="752"><subfield code="a">United States</subfield><subfield code="b">Utah</subfield><subfield code="c">Salt Lake</subfield><subfield code="d">Salt Lake City.</subfield></datafield><datafield ind1="1" ind2=" " tag="775"><subfield code="t">Union vedette</subfield><subfield code="w">(DLC)sn 85058063</subfield><subfield code="w">(OCoLC)11819064</subfield></datafield><datafield ind1="0" ind2="0" tag="785"><subfield code="t">Daily union vedette</subfield><subfield code="w">(DLC)sn 85058065</subfield><subfield code="w">(OCoLC)11819118</subfield></datafield><datafield ind1=" " ind2=" " tag="938"><subfield code="a">Kirtas Technologies, Inc.</subfield><subfield code="b">KRTS</subfield><subfield code="n">739078</subfield></datafield></record>